
@book{金融时间序列分析,
  title={金融时间序列分析},
  author={Ruey S.Tsay},
  year={2009},
  publisher={人民邮电出版社}
}

@book{多元时间序列分析及金融应用(R语言),
  title={多元时间序列分析及金融应用: R语言},
  author={Ruey S.Tsay},
  year={2016},
  publisher={机械工业出版社}
}

@misc{A1,
  howpublished = {\url{https://blog.csdn.net/matrix_laboratory/article/details/53790549}},
  title={金融时间序列分析：3. First Demo By Python},
}

@misc{A2,
  howpublished = {\url{https://zhuanlan.zhihu.com/p/77307871}},
  title={写给你的金融时间序列分析：补完篇},
}

@misc{A3,
  howpublished = {\url{https://zhuanlan.zhihu.com/p/38321845}},
  title={写给你的金融时间序列分析：初级篇},
}

@misc{A4,
  howpublished = {\url{https://blog.csdn.net/matrix_laboratory/article/details/53924972}},
  title={金融时间序列分析：6. AR模型实例（R语言）},
}







